<collection xmlns="http://www.loc.gov/MARC21/slim">
<record>
  <leader>05338nam0a2200841 i 450 </leader>
  <controlfield tag="001">IT\ICCU\CNCE\018001</controlfield>
  <controlfield tag="005">20071011000000.0</controlfield>
  <datafield tag="012" ind1=" " ind2=" ">
    <subfield code="a">i-o- vtuq m.p. poes (3) 1504 (A)</subfield>
    <subfield code="2">fei</subfield>
  </datafield>
  <datafield tag="100" ind1=" " ind2=" ">
    <subfield code="a">19970101d1504        0itac0103    ba</subfield>
  </datafield>
  <datafield tag="101" ind1=" " ind2=" ">
    <subfield code="a">LAT</subfield>
  </datafield>
  <datafield tag="102" ind1=" " ind2=" ">
    <subfield code="a">IT</subfield>
  </datafield>
  <datafield tag="200" ind1="1" ind2=" ">
    <subfield code="a">Fertilissima Aegidij Romani quolibetta castigatissima Laurentij Amolini Rhodigini opera plurimis etiam ab eodem marginum altrinsecusque appendiculis donata. Eiusdem Laurentii Amolini philosophi Tractatus in declaratione multarum propositionum Auerroys etaliorum philosophorum</subfield>
  </datafield>
  <datafield tag="210" ind1=" " ind2=" ">
    <subfield code="e">Impressa fuere ista opuscula Venetijs</subfield>
    <subfield code="g">mandato et impensa heredum nobilis viri quondam domini Octauiani Scoti ciuis Modoetiensis</subfield>
    <subfield code="g">per Bonetum Locatellum presbyterum</subfield>
    <subfield code="h">kalendis sextilibus 1504</subfield>
  </datafield>
  <datafield tag="215" ind1=" " ind2=" ">
    <subfield code="a">146, \2! c.</subfield>
    <subfield code="d">fol</subfield>
  </datafield>
  <datafield tag="300" ind1=" " ind2=" ">
    <subfield code="a">A c. n1r altro front.: Questio fundatissimi doctoris domini Egidij de subiecto theologie ... Theoremata eiusdem de sacramento corporis Christi. Guilerm&apos; Ockam De sacramento altaris tabula in quodlibetta Egidi. - Manca il trattato di L. Amolino annunciatonel front</subfield>
  </datafield>
  <datafield tag="620" ind1=" " ind2=" ">
    <subfield code="a">IT</subfield>
    <subfield code="d">Venezia</subfield>
  </datafield>
  <datafield tag="700" ind1=" " ind2="0">
    <subfield code="a">Egidio</subfield>
    <subfield code="c"> : Romano</subfield>
    <subfield code="3">IT\ICCU\CNCA\004392</subfield>
  </datafield>
  <datafield tag="702" ind1=" " ind2="0">
    <subfield code="a">William</subfield>
    <subfield code="c"> : of#Ockham</subfield>
    <subfield code="3">IT\ICCU\CNCA\004987</subfield>
  </datafield>
  <datafield tag="702" ind1=" " ind2="1">
    <subfield code="a">Amolino,</subfield>
    <subfield code="b">Lorenzo</subfield>
    <subfield code="3">IT\ICCU\CNCA\004989</subfield>
  </datafield>
  <datafield tag="712" ind1="0" ind2="0">
    <subfield code="a">Scoto, Ottaviano</subfield>
    <subfield code="c"> &lt;1.&gt; - eredi</subfield>
    <subfield code="3">IT\ICCU\CNCT\000130</subfield>
    <subfield code="4">650</subfield>
  </datafield>
  <datafield tag="712" ind1="0" ind2="0">
    <subfield code="a">Locatello, Boneto</subfield>
    <subfield code="3">IT\ICCU\CNCT\000131</subfield>
    <subfield code="4">650</subfield>
  </datafield>
  <datafield tag="790" ind1=" " ind2="0">
    <subfield code="a">Aegidius</subfield>
    <subfield code="c"> : Romanus</subfield>
    <subfield code="3">IT\ICCU\CNCA\007543</subfield>
    <subfield code="z">Egidio : Romano</subfield>
  </datafield>
  <datafield tag="790" ind1=" " ind2="1">
    <subfield code="a">Colonna,</subfield>
    <subfield code="b">Egidio</subfield>
    <subfield code="3">IT\ICCU\CNCA\008329</subfield>
    <subfield code="z">Egidio : Romano</subfield>
  </datafield>
  <datafield tag="790" ind1=" " ind2="1">
    <subfield code="a">Colonna,</subfield>
    <subfield code="b">Gilles</subfield>
    <subfield code="3">IT\ICCU\CNCA\018680</subfield>
    <subfield code="z">Egidio : Romano</subfield>
  </datafield>
  <datafield tag="790" ind1=" " ind2="0">
    <subfield code="a">Gilles</subfield>
    <subfield code="c"> : de#Rome</subfield>
    <subfield code="3">IT\ICCU\CNCA\018681</subfield>
    <subfield code="z">Egidio : Romano</subfield>
  </datafield>
  <datafield tag="790" ind1=" " ind2="1">
    <subfield code="a">Columnius,</subfield>
    <subfield code="b">Aegidius</subfield>
    <subfield code="3">IT\ICCU\CNCA\018682</subfield>
    <subfield code="z">Egidio : Romano</subfield>
  </datafield>
  <datafield tag="790" ind1=" " ind2="0">
    <subfield code="a">Aegidius</subfield>
    <subfield code="c"> : de#Columna</subfield>
    <subfield code="3">IT\ICCU\CNCA\018683</subfield>
    <subfield code="z">Egidio : Romano</subfield>
  </datafield>
  <datafield tag="790" ind1=" " ind2="1">
    <subfield code="a">Ockham,</subfield>
    <subfield code="b">William</subfield>
    <subfield code="3">IT\ICCU\CNCA\014815</subfield>
    <subfield code="z">William : of#Ockham</subfield>
  </datafield>
  <datafield tag="790" ind1=" " ind2="1">
    <subfield code="a">Ocham,</subfield>
    <subfield code="b">Guliermus</subfield>
    <subfield code="3">IT\ICCU\CNCA\025226</subfield>
    <subfield code="z">William : of#Ockham</subfield>
  </datafield>
  <datafield tag="790" ind1=" " ind2="1">
    <subfield code="a">Ockam,</subfield>
    <subfield code="b">Gulielmus : de</subfield>
    <subfield code="3">IT\ICCU\CNCA\025228</subfield>
    <subfield code="z">William : of#Ockham</subfield>
  </datafield>
  <datafield tag="790" ind1=" " ind2="0">
    <subfield code="a">Gulielmus</subfield>
    <subfield code="c"> : Occhamus</subfield>
    <subfield code="3">IT\ICCU\CNCA\025229</subfield>
    <subfield code="z">William : of#Ockham</subfield>
  </datafield>
  <datafield tag="790" ind1=" " ind2="1">
    <subfield code="a">Amolinus,</subfield>
    <subfield code="b">Laurentius</subfield>
    <subfield code="3">IT\ICCU\CNCA\028050</subfield>
    <subfield code="z">Amolino, Lorenzo</subfield>
  </datafield>
  <datafield tag="791" ind1="0" ind2="0">
    <subfield code="a">Scotus, Octavianus</subfield>
    <subfield code="c"> &lt;1.&gt; - eredi</subfield>
    <subfield code="3">IT\ICCU\CNCT\005636</subfield>
    <subfield code="z">Scoto, Ottaviano &lt;1.&gt; - eredi</subfield>
  </datafield>
  <datafield tag="791" ind1="0" ind2="0">
    <subfield code="a">Scotti, Ottaviano</subfield>
    <subfield code="c"> &lt;1.&gt; - eredi</subfield>
    <subfield code="3">IT\ICCU\CNCT\005637</subfield>
    <subfield code="z">Scoto, Ottaviano &lt;1.&gt; - eredi</subfield>
  </datafield>
  <datafield tag="791" ind1="0" ind2="0">
    <subfield code="a">Locatellus, Bonetus</subfield>
    <subfield code="3">IT\ICCU\CNCT\004971</subfield>
    <subfield code="z">Locatello, Boneto</subfield>
  </datafield>
  <datafield tag="791" ind1="0" ind2="0">
    <subfield code="a">Locatellis, Bonetus de</subfield>
    <subfield code="3">IT\ICCU\CNCT\004972</subfield>
    <subfield code="z">Locatello, Boneto</subfield>
  </datafield>
  <datafield tag="801" ind1=" " ind2="3">
    <subfield code="a">IT</subfield>
    <subfield code="b">ICCU</subfield>
    <subfield code="c">20201114</subfield>
  </datafield>
  <datafield tag="899" ind1=" " ind2=" ">
    <subfield code="a">Biblioteca comunale. Cupramontana</subfield>
    <subfield code="1">AN0031</subfield>
    <subfield code="2">URB C4</subfield>
  </datafield>
  <datafield tag="899" ind1=" " ind2=" ">
    <subfield code="a">Biblioteca comunale. Fabriano</subfield>
    <subfield code="1">AN0033</subfield>
    <subfield code="2">URB BF</subfield>
  </datafield>
  <datafield tag="899" ind1=" " ind2=" ">
    <subfield code="a">Biblioteca del Convento di S. Chiara. L&apos;Aquila</subfield>
    <subfield code="1">AQ0045</subfield>
    <subfield code="2">ZAQ 01</subfield>
  </datafield>
  <datafield tag="899" ind1=" " ind2=" ">
    <subfield code="a">Biblioteca del Convento della Verna. Chiusi della Verna</subfield>
    <subfield code="1">AR0029</subfield>
    <subfield code="2">RT1 CB</subfield>
  </datafield>
  <datafield tag="899" ind1=" " ind2=" ">
    <subfield code="a">Biblioteca civica A. Mai. Bergamo</subfield>
    <subfield code="1">BG0026</subfield>
    <subfield code="2">LO1 02</subfield>
  </datafield>
  <datafield tag="899" ind1=" " ind2=" ">
    <subfield code="a">Biblioteca comunale dell&apos;Archiginnasio. Bologna</subfield>
    <subfield code="1">BO0304</subfield>
    <subfield code="2">UBO GA</subfield>
  </datafield>
  <datafield tag="899" ind1=" " ind2=" ">
    <subfield code="a">Biblioteca Apostolica Vaticana. Citt ̉del Vaticano</subfield>
    <subfield code="z">MUTILO</subfield>
    <subfield code="1">EX0001</subfield>
    <subfield code="2">ZCV 01</subfield>
  </datafield>
  <datafield tag="899" ind1=" " ind2=" ">
    <subfield code="a">Pontificia Biblioteca Antoniana. Padova</subfield>
    <subfield code="1">EX0020</subfield>
    <subfield code="2">PUV 78</subfield>
  </datafield>
  <datafield tag="899" ind1=" " ind2=" ">
    <subfield code="a">Biblioteca comunale Ariostea. Ferrara</subfield>
    <subfield code="1">FE0017</subfield>
    <subfield code="2">UFE AR</subfield>
  </datafield>
  <datafield tag="899" ind1=" " ind2=" ">
    <subfield code="a">Biblioteca civica Berio. Genova</subfield>
    <subfield code="1">GE0036</subfield>
    <subfield code="2">SGE BE</subfield>
  </datafield>
  <datafield tag="899" ind1=" " ind2=" ">
    <subfield code="a">Biblioteca civica Aprosiana. Ventimiglia</subfield>
    <subfield code="1">IM0038</subfield>
    <subfield code="2">LI3 VM</subfield>
  </datafield>
  <datafield tag="899" ind1=" " ind2=" ">
    <subfield code="a">Biblioteca comunale Pietro Siciliani. Galatina</subfield>
    <subfield code="1">LE0209</subfield>
    <subfield code="2">LEK SF</subfield>
  </datafield>
  <datafield tag="899" ind1=" " ind2=" ">
    <subfield code="a">Biblioteca statale. Lucca</subfield>
    <subfield code="1">LU0022</subfield>
    <subfield code="2">LUA BL</subfield>
  </datafield>
  <datafield tag="899" ind1=" " ind2=" ">
    <subfield code="a">Biblioteca comunale Francesco Antolisei. San Severino Marche</subfield>
    <subfield code="1">MC0075</subfield>
    <subfield code="2">UMC FA</subfield>
  </datafield>
  <datafield tag="899" ind1=" " ind2=" ">
    <subfield code="a">Biblioteca centrale della Regione siciliana Alberto Bombace. Palermo</subfield>
    <subfield code="1">PA0064</subfield>
    <subfield code="2">PAL BP</subfield>
  </datafield>
  <datafield tag="899" ind1=" " ind2=" ">
    <subfield code="a">Biblioteca comunale Passerini Landi. Piacenza</subfield>
    <subfield code="1">PC0030</subfield>
    <subfield code="2">PIA PL</subfield>
  </datafield>
  <datafield tag="899" ind1=" " ind2=" ">
    <subfield code="a">Biblioteca comunale. Assisi</subfield>
    <subfield code="1">PG0001</subfield>
    <subfield code="2">UM1 10</subfield>
  </datafield>
  <datafield tag="899" ind1=" " ind2=" ">
    <subfield code="a">Biblioteca comunale. Foligno</subfield>
    <subfield code="1">PG0035</subfield>
    <subfield code="2">UM1 04</subfield>
  </datafield>
  <datafield tag="899" ind1=" " ind2=" ">
    <subfield code="a">Biblioteca Ludovico Jacobilli del Seminario vescovile. Foligno</subfield>
    <subfield code="1">PG0040</subfield>
    <subfield code="2">UM1 39</subfield>
  </datafield>
  <datafield tag="899" ind1=" " ind2=" ">
    <subfield code="a">Biblioteca comunale Sperelliana. Gubbio</subfield>
    <subfield code="1">PG0049</subfield>
    <subfield code="2">UM1 11</subfield>
  </datafield>
  <datafield tag="899" ind1=" " ind2=" ">
    <subfield code="a">Biblioteca comunale. Montefalco</subfield>
    <subfield code="z">MUTILO</subfield>
    <subfield code="1">PG0058</subfield>
    <subfield code="2">UM1 17</subfield>
  </datafield>
  <datafield tag="899" ind1=" " ind2=" ">
    <subfield code="a">Biblioteca comunale Augusta. Perugia</subfield>
    <subfield code="1">PG0109</subfield>
    <subfield code="2">UM1 01</subfield>
  </datafield>
  <datafield tag="899" ind1=" " ind2=" ">
    <subfield code="a">Biblioteca centrale dell&apos;Universit ̉degli studi di Perugia. Perugia</subfield>
    <subfield code="1">PG0251</subfield>
    <subfield code="2">ZPG 08</subfield>
  </datafield>
  <datafield tag="899" ind1=" " ind2=" ">
    <subfield code="a">Biblioteca Palatina. Parma</subfield>
    <subfield code="1">PR0072</subfield>
    <subfield code="2">PAR PA</subfield>
  </datafield>
  <datafield tag="899" ind1=" " ind2=" ">
    <subfield code="a">Biblioteca comunale Federiciana. Fano</subfield>
    <subfield code="1">PU0018</subfield>
    <subfield code="2">URB FN</subfield>
  </datafield>
  <datafield tag="899" ind1=" " ind2=" ">
    <subfield code="a">Biblioteca comunale. Mondolfo</subfield>
    <subfield code="1">PU0039</subfield>
    <subfield code="2">URB MO</subfield>
  </datafield>
  <datafield tag="899" ind1=" " ind2=" ">
    <subfield code="a">Biblioteca Oliveriana. Pesaro</subfield>
    <subfield code="z">MUTILO</subfield>
    <subfield code="1">PU0061</subfield>
    <subfield code="2">URB OL</subfield>
  </datafield>
  <datafield tag="899" ind1=" " ind2=" ">
    <subfield code="a">Biblioteca nazionale centrale. Roma</subfield>
    <subfield code="z">MUTILO</subfield>
    <subfield code="1">RM0267</subfield>
    <subfield code="2">BVE CR</subfield>
  </datafield>
  <datafield tag="899" ind1=" " ind2=" ">
    <subfield code="a">Biblioteca dell&apos;Accademia Alfonsiana. Roma</subfield>
    <subfield code="1">RM0271</subfield>
    <subfield code="2">ZRM 03</subfield>
  </datafield>
  <datafield tag="899" ind1=" " ind2=" ">
    <subfield code="a">Biblioteca universitaria Alessandrina. Roma</subfield>
    <subfield code="1">RM0280</subfield>
    <subfield code="2">RML 01</subfield>
  </datafield>
  <datafield tag="899" ind1=" " ind2=" ">
    <subfield code="a">Biblioteca Angelica. Roma</subfield>
    <subfield code="1">RM0290</subfield>
    <subfield code="2">RML 06</subfield>
  </datafield>
  <datafield tag="899" ind1=" " ind2=" ">
    <subfield code="a">Biblioteca del Pontificio Ateneo Antonianum. Roma</subfield>
    <subfield code="1">RM0692</subfield>
    <subfield code="2">ZRM 44</subfield>
  </datafield>
  <datafield tag="899" ind1=" " ind2=" ">
    <subfield code="a">Biblioteca nazionale Marciana. Venezia</subfield>
    <subfield code="1">VE0049</subfield>
    <subfield code="2">VEA BM</subfield>
  </datafield>
  <datafield tag="899" ind1=" " ind2=" ">
    <subfield code="a">Biblioteca del Seminario vescovile. Bagnoregio</subfield>
    <subfield code="1">VT0005</subfield>
    <subfield code="2">ZVT 03</subfield>
  </datafield>
  <datafield tag="911" ind1=" " ind2=" ">
    <subfield code="a">in fine</subfield>
    <subfield code="9">IT\ICCU\CNCM\000020</subfield>
  </datafield>
  <datafield tag="921" ind1=" " ind2=" ">
    <subfield code="a">IT\ICCU\CNCM\000020</subfield>
    <subfield code="b">Cerchio con croce doppia e iniziali O.S.M. su sfondo nero</subfield>
    <subfield code="c">K281</subfield>
    <subfield code="c">Z272</subfield>
    <subfield code="d">Dimensioni: 5,8 x 9,3</subfield>
    <subfield code="f">CERCHIO</subfield>
    <subfield code="f">OSM</subfield>
    <subfield code="f">CROCE</subfield>
    <subfield code="g">[150.]-1517</subfield>
  </datafield>
</record>
</collection>
